%% This BibTeX bibliography file was created using BibDesk.
%% http://bibdesk.sourceforge.net/


%% Created for Andrea Beggiato at 2014-02-03 22:13:00 +0100 


%% Saved with string encoding Unicode (UTF-8) 



@article{Reference2,
	Author = {Freeman L, Romney A, Freeman S},
	Date-Added = {2014-02-03 21:12:23 +0000},
	Date-Modified = {2014-02-03 21:13:00 +0000},
	Journal = {Am Anthropol },
	Number = {89},
	Pages = {310--325},
	Title = {Cognitive structure and informant accuracy},
	Year = {1987}}

@article{Reference1,
	Author = {David Lazer},
	Citation_Abstract_Html_Url = {http://www.pnas.org/content/106/36/15274.abstract},
	Citation_Author = {David Lazer},
	Citation_Author_Email = {nathan@mit.edu},
	Citation_Date = {09/08/2009},
	Citation_Doi = {10.1073/pnas.0900282106},
	Citation_Firstpage = {15274},
	Citation_Fulltext_Html_Url = {http://www.pnas.org/content/106/36/15274.full},
	Citation_Id = {106/36/15274},
	Citation_Id_From_Sass_Path = {106/36/15274},
	Citation_Issn = {1091-6490},
	Citation_Issue = {36},
	Citation_Journal_Abbrev = {PNAS},
	Citation_Journal_Title = {Proceedings of the National Academy of Sciences},
	Citation_Lastpage = {15278},
	Citation_Mjid = {pnas;106/36/15274},
	Citation_Pdf_Url = {http://www.pnas.org/content/106/36/15274.full.pdf},
	Citation_Pmid = {19706491},
	Citation_Public_Url = {http://www.pnas.org/content/106/36/15274},
	Citation_Publisher = {National Acad Sciences},
	Citation_Section = {Social Sciences},
	Citation_Title = {Inferring friendship network structure by using mobile phone data},
	Citation_Volume = {106},
	Date-Added = {2014-02-02 15:55:55 +0000},
	Date-Modified = {2014-02-02 15:57:39 +0000},
	Dc.Contributor = {David Lazer},
	Dc.Date = {2009-09-08},
	Dc.Format = {text/html},
	Dc.Identifier = {10.1073/pnas.0900282106},
	Dc.Language = {en},
	Dc.Publisher = {National Academy of Sciences},
	Dc.Title = {Inferring friendship network structure by using mobile phone data},
	Googlebot = {NOODP},
	Hw.Identifier = {/pnas/106/36/15274.atom},
	Robots = {noarchive},
	Title = {Inferring friendship network structure by using mobile phone data}}
